@mastersthesis{
    Ferrara:2013,
    author={Ferrara, V.},
    title={C5GOpen: The latest generation of the Industrial Robots Open Control System for University and SMEs},
    school={Politecnico di Torino},
    year=2013,
    mounth=00
}

@mastersthesis{
    Bisson:2014,
    author={Bisson, A.},
    title={Development of an interface for intuitive teleoperation of Comau manipulator robots using RGB-D sensors},
    school={Università degli Studi di Padova},
    year={2014}
}





@manual{
    C5G:Manual,
    title        = {Control Unit C5G - Standard Version - Technical Specification},
    author       = {Comau\_Robotics}, 
    organization = {Comau S.p.A},
    month        = 10,
    year         = 2010
}

@manual{
    Open:Manual,
    title        = {C5G - Comau Open Controller - Instruction Handbook},
    author       = {Comau\_Robotics}, 
    organization = {Comau S.p.A},
    month        = 04,
    year         = 2019
}

@book{spong2005robot,
    title={Robot Modeling and Control},
    author={Spong, M.W. and Hutchinson, S. and Vidyasagar, M.},
    isbn={9780471649908},
    lccn={2005054227},
    year={2005},
    publisher={Wiley}
}

@book{meyers2015,
  author    = {Scott Meyers},
  title     = {Effective modern {C++:} 42 specific ways to improve your use of {C++11} and {C++14}},
  publisher = {O'Reilly},
  year      = {2015},
  isbn      = {9781491903995},
}
@misc{cppreference,
    author = "CppReference",
    year   = 2015,
    title  = "{Shared pointer - Cpp Reference}",
    howpublished = "\url{https://www.cplusplus.com/reference/memory/shared_ptr}", 
    note   = "Último acesso 2015-06-30",
}




@article{
    ANTONELLI:2010,
	author={Antonelli, G. and Chiaverini, S. and Perna, V. and Romanelli, F.},
	title={A Modular and task-oriented architecture for open control system: the evolution of C5G Open towards high level programming},
	journal={Workshop on the IEEE International Congress on Robotics and Automation, Lund University, Sweden.},
	year={2010}
}

@article{
    KUBUS:2010,
	author={Kubus, D. Nilsson, K. and Johansson, S.},
	title={Innovative robot control architectures for demanding (research) applications.},
	journal={Workshop on the IEEE International Congress on Robotics and Automation, Lund University, Sweden.},
	year={2010}
}

@article{
    ROBERTI:2010,
	author={Roberti, F. and Soria, C. and Slawinsk, E. and Mut, V. and Carelli, R.},
	title={Open Software Structure for Controlling Industrial Robot Manipulators},
	journal={In book: Robot Manipulators Trends and Development.},
	year={2010}
}